<record><leader>00000cas a2200000 a 4500</leader><controlfield tag="001">49686465</controlfield><controlfield tag="008">020429d194919uuoruex n       0    0eng c</controlfield><datafield ind1=" " ind2=" " tag="010"><subfield code="a">  2002260214</subfield></datafield><datafield ind1=" " ind2=" " tag="040"><subfield code="a">ORU</subfield><subfield code="b">eng</subfield><subfield code="c">ORU</subfield><subfield code="d">OCLCQ</subfield><subfield code="d">OCLCF</subfield><subfield code="d">OCLCO</subfield></datafield><datafield ind1="1" ind2=" " tag="029"><subfield code="a">AU@</subfield><subfield code="b">000023522192</subfield></datafield><datafield ind1=" " ind2=" " tag="042"><subfield code="a">pcc</subfield></datafield><datafield ind1=" " ind2=" " tag="043"><subfield code="a">n-us-or</subfield></datafield><datafield ind1="0" ind2=" " tag="130"><subfield code="a">Cannon (Cannon Beach, Or. : 1949)</subfield></datafield><datafield ind1="1" ind2="4" tag="245"><subfield code="a">The cannon.</subfield></datafield><datafield ind1=" " ind2=" " tag="260"><subfield code="a">[Cannon Beach, Or.] :</subfield><subfield code="b">Students of Cannon Beach Grade School,</subfield><subfield code="c">1949-</subfield></datafield><datafield ind1=" " ind2=" " tag="300"><subfield code="a">v. :</subfield><subfield code="b">ill.</subfield></datafield><datafield ind1=" " ind2=" " tag="310"><subfield code="a">Biweekly (weekly during summer)</subfield></datafield><datafield ind1="0" ind2=" " tag="362"><subfield code="a">Vol. 1, no. 1 (Jan. 31, 1949)-</subfield></datafield><datafield ind1=" " ind2=" " tag="500"><subfield code="a">"Cannon Beach's own newspaper," May 16, 1949-</subfield></datafield><datafield ind1=" " ind2=" " tag="500"><subfield code="a">Publisher varies.</subfield></datafield><datafield ind1=" " ind2=" " tag="515"><subfield code="a">Preceded by an unnumbered sample issue, published on Jan. 24, 1949.</subfield></datafield><datafield ind1=" " ind2=" " tag="530"><subfield code="a">Also issued on microfilm from University of Oregon.</subfield></datafield><datafield ind1=" " ind2=" " tag="580"><subfield code="a">In the summer of 1949, publication expands to be a community newspaper which includes a separately titled and designated section written by students of Cannon Beach Grade School.</subfield></datafield><datafield ind1=" " ind2=" " tag="588"><subfield code="a">Description based on surrogate.</subfield></datafield><datafield ind1=" " ind2=" " tag="588"><subfield code="a">Latest issue consulted: Vol. 2, no. 35 (Dec. 22, 1950).</subfield></datafield><datafield ind1="2" ind2="0" tag="610"><subfield code="a">Cannon Beach Grade School (Cannon Beach, Or.)</subfield><subfield code="v">Newspapers.</subfield></datafield><datafield ind1=" " ind2="0" tag="651"><subfield code="a">Cannon Beach (Or.)</subfield><subfield code="v">Newspapers.</subfield></datafield><datafield ind1=" " ind2="7" tag="655"><subfield code="a">Newspapers.</subfield><subfield code="2">fast</subfield><subfield code="0">(OCoLC)fst01423814</subfield></datafield><datafield ind1="2" ind2="7" tag="610"><subfield code="a">Cannon Beach Grade School (Cannon Beach, Or.)</subfield><subfield code="2">fast</subfield><subfield code="0">(OCoLC)fst00771680</subfield></datafield><datafield ind1=" " ind2="7" tag="651"><subfield code="a">Oregon</subfield><subfield code="z">Cannon Beach.</subfield><subfield code="2">fast</subfield><subfield code="0">(OCoLC)fst01221455</subfield></datafield><datafield ind1="2" ind2=" " tag="710"><subfield code="a">Cannon Beach Grade School (Cannon Beach, Or.)</subfield></datafield><datafield ind1="0" ind2="2" tag="740"><subfield code="a">Sandpiper.</subfield></datafield></record>